<record><leader>00000cas a22000007a 4500</leader><controlfield tag="001">30651115</controlfield><controlfield tag="008">940623d19021965vauwr ne      0    0eng d</controlfield><datafield ind1=" " ind2=" " tag="010"><subfield code="a">sn 94060046 </subfield></datafield><datafield ind1=" " ind2=" " tag="040"><subfield code="a">NVK</subfield><subfield code="b">eng</subfield><subfield code="c">NVK</subfield><subfield code="d">OCLCQ</subfield><subfield code="d">OCLCF</subfield><subfield code="d">OCLCO</subfield></datafield><datafield ind1="1" ind2=" " tag="029"><subfield code="a">AU@</subfield><subfield code="b">000025855279</subfield></datafield><datafield ind1=" " ind2=" " tag="042"><subfield code="a">msc</subfield></datafield><datafield ind1=" " ind2=" " tag="043"><subfield code="a">n-us-va</subfield></datafield><datafield ind1="0" ind2=" " tag="130"><subfield code="a">Northampton times (Cape Charles, Va.)</subfield></datafield><datafield ind1="1" ind2="4" tag="245"><subfield code="a">The Northampton times.</subfield></datafield><datafield ind1=" " ind2=" " tag="260"><subfield code="a">Cape Charles, Va. :</subfield><subfield code="b">Times Pub. Co.</subfield></datafield><datafield ind1=" " ind2=" " tag="300"><subfield code="a">v.</subfield></datafield><datafield ind1=" " ind2=" " tag="310"><subfield code="a">Weekly</subfield></datafield><datafield ind1="1" ind2=" " tag="362"><subfield code="a">Established in 1902.</subfield><subfield code="z">Cf. Cappon, L.J. Va. newspapers.</subfield></datafield><datafield ind1="1" ind2=" " tag="362"><subfield code="a">Ceased in 1965.</subfield></datafield><datafield ind1=" " ind2="0" tag="651"><subfield code="a">Cape Charles (Va.)</subfield><subfield code="v">Newspapers.</subfield></datafield><datafield ind1=" " ind2="7" tag="655"><subfield code="a">Newspapers.</subfield><subfield code="2">fast</subfield><subfield code="0">(OCoLC)fst01423814</subfield></datafield><datafield ind1=" " ind2="7" tag="651"><subfield code="a">Virginia</subfield><subfield code="z">Cape Charles.</subfield><subfield code="2">fast</subfield><subfield code="0">(OCoLC)fst01226897</subfield></datafield><datafield ind1=" " ind2=" " tag="752"><subfield code="a">United States</subfield><subfield code="b">Virginia</subfield><subfield code="c">Northampton</subfield><subfield code="d">Cape Charles.</subfield></datafield><datafield ind1="0" ind2="4" tag="785"><subfield code="t">Eastern shore news (Onancock, Va.)</subfield><subfield code="w">(DLC)sn 94060036</subfield></datafield></record>